<?xml version="1.0" encoding="UTF-8"?>
  <record xmlns="http://www.loc.gov/MARC21/slim" type="Authority">
    <leader>00000nz  a2200000oc 4500</leader>
    <controlfield tag="001">12860574X</controlfield>
    <controlfield tag="003">DE-101</controlfield>
    <controlfield tag="005">20140402110007.0</controlfield>
    <controlfield tag="008">031217n||aznnnaabn           | aaa    |c</controlfield>
    <datafield tag="024" ind1="7" ind2=" ">
      <subfield code="a">12860574X</subfield>
      <subfield code="0">http://d-nb.info/gnd/12860574X</subfield>
      <subfield code="2">gnd</subfield>
    </datafield>
    <datafield tag="035" ind1=" " ind2=" ">
      <subfield code="a">(DE-101)12860574X</subfield>
    </datafield>
    <datafield tag="035" ind1=" " ind2=" ">
      <subfield code="a">(DE-588)12860574X</subfield>
    </datafield>
    <datafield tag="035" ind1=" " ind2=" ">
      <subfield code="z">(DE-588a)12860574X</subfield>
      <subfield code="9">v:zg</subfield>
    </datafield>
    <datafield tag="040" ind1=" " ind2=" ">
      <subfield code="a">DE-32</subfield>
      <subfield code="c">DE-32</subfield>
      <subfield code="9">r:DE-601</subfield>
      <subfield code="b">ger</subfield>
      <subfield code="d">0547</subfield>
    </datafield>
    <datafield tag="042" ind1=" " ind2=" ">
      <subfield code="a">gnd3</subfield>
    </datafield>
    <datafield tag="075" ind1=" " ind2=" ">
      <subfield code="b">p</subfield>
      <subfield code="2">gndgen</subfield>
    </datafield>
    <datafield tag="075" ind1=" " ind2=" ">
      <subfield code="b">piz</subfield>
      <subfield code="2">gndspec</subfield>
    </datafield>
    <datafield tag="079" ind1=" " ind2=" ">
      <subfield code="a">g</subfield>
      <subfield code="q">a</subfield>
      <subfield code="q">f</subfield>
    </datafield>
    <datafield tag="100" ind1="1" ind2=" ">
      <subfield code="a">Finck, Anna Catharina</subfield>
      <subfield code="d">-1677</subfield>
    </datafield>
    <datafield tag="400" ind1="1" ind2=" ">
      <subfield code="a">Fincke, Anna Catharina</subfield>
      <subfield code="d">-1677</subfield>
    </datafield>
    <datafield tag="400" ind1="1" ind2=" ">
      <subfield code="a">Finck, Anna Katharina</subfield>
      <subfield code="d">-1677</subfield>
    </datafield>
    <datafield tag="400" ind1="1" ind2=" ">
      <subfield code="a">Fincke, Anna Katharina</subfield>
      <subfield code="d">-1677</subfield>
    </datafield>
    <datafield tag="400" ind1="1" ind2=" ">
      <subfield code="a">Finckius, Anna Catharina</subfield>
      <subfield code="d">-1677</subfield>
    </datafield>
    <datafield tag="400" ind1="1" ind2=" ">
      <subfield code="a">Finckius, Anna Elisabetha</subfield>
      <subfield code="d">-1677</subfield>
    </datafield>
    <datafield tag="400" ind1="1" ind2=" ">
      <subfield code="a">Finckia, Anna Catharina</subfield>
      <subfield code="d">-1677</subfield>
    </datafield>
    <datafield tag="400" ind1="1" ind2=" ">
      <subfield code="a">Finckia, Anna Elisabetha</subfield>
      <subfield code="d">-1677</subfield>
    </datafield>
    <datafield tag="400" ind1="1" ind2=" ">
      <subfield code="a">Finck, Anna Elisabeth</subfield>
      <subfield code="d">-1677</subfield>
      <subfield code="9">v:Falsche Namensform</subfield>
    </datafield>
    <datafield tag="400" ind1="1" ind2=" ">
      <subfield code="a">Fincke, Anna Elisabeth</subfield>
      <subfield code="d">-1677</subfield>
    </datafield>
    <datafield tag="400" ind1="1" ind2=" ">
      <subfield code="a">Finck, Anna Elisabetha</subfield>
      <subfield code="d">-1677</subfield>
    </datafield>
    <datafield tag="400" ind1="1" ind2=" ">
      <subfield code="a">Fincke, Anna Elisabetha</subfield>
      <subfield code="d">-1677</subfield>
    </datafield>
    <datafield tag="400" ind1="1" ind2=" ">
      <subfield code="a">Finckin, Anna Catharina</subfield>
      <subfield code="d">-1677</subfield>
    </datafield>
    <datafield tag="400" ind1="1" ind2=" ">
      <subfield code="a">Finckin, Anna Elisabeth</subfield>
      <subfield code="d">-1677</subfield>
    </datafield>
    <datafield tag="400" ind1="1" ind2=" ">
      <subfield code="a">Finckin, Anna Elisabetha</subfield>
      <subfield code="d">-1677</subfield>
    </datafield>
    <datafield tag="400" ind1="1" ind2=" ">
      <subfield code="a">Fink, Anna Catharina</subfield>
      <subfield code="d">-1677</subfield>
    </datafield>
    <datafield tag="400" ind1="1" ind2=" ">
      <subfield code="a">Finke, Anna Catharina</subfield>
      <subfield code="d">-1677</subfield>
    </datafield>
    <datafield tag="500" ind1="1" ind2=" ">
      <subfield code="0">(DE-101)128605669</subfield>
      <subfield code="0">(DE-588)128605669</subfield>
      <subfield code="0">https://d-nb.info/gnd/128605669</subfield>
      <subfield code="a">Finck, Esaias</subfield>
      <subfield code="d">-1688</subfield>
      <subfield code="4">bezf</subfield>
      <subfield code="4">https://d-nb.info/standards/elementset/gnd#familialRelationship</subfield>
      <subfield code="w">r</subfield>
      <subfield code="i">Beziehung familiaer</subfield>
      <subfield code="e">Beziehung familiaer</subfield>
      <subfield code="9">v:Ehemann</subfield>
    </datafield>
    <datafield tag="548" ind1=" " ind2=" ">
      <subfield code="a">-1677</subfield>
      <subfield code="4">datl</subfield>
      <subfield code="4">https://d-nb.info/standards/elementset/gnd#dateOfDeath</subfield>
      <subfield code="w">r</subfield>
      <subfield code="i">Lebensdaten</subfield>
    </datafield>
    <datafield tag="667" ind1=" " ind2=" ">
      <subfield code="a">12</subfield>
    </datafield>
    <datafield tag="667" ind1=" " ind2=" ">
      <subfield code="a">VD-17</subfield>
    </datafield>
    <datafield tag="672" ind1=" " ind2="0">
      <subfield code="a">Ehren-Schertz, Als der Ehrwürdige, Vorachtbahre und Wolgelarte Herr Esajas Finck ... Seelsorger zu Flarchheim in Thüringen Mit der ... Jungfer Anna Catharina Des ... Herrn Dietrich Finckens aus Wenden bey Göttingen ... Tochter, seinen Hochzeitlichen Ehrentag begieng. Ubersendet von der Thüringer Nation aus Rostock. - 1647</subfield>
    </datafield>
    <datafield tag="672" ind1=" " ind2="0">
      <subfield code="a">Neonymphis scitissimis Dn. Esaiae Finckio ... Pastori Flarchemii, Thuringiae ... et Annae Elisabethae [i.e. Anna Catharina] Finckiae Virgini Lectissimae, Natae Dn. Theodorico Finckio ... in Wenden Prope Gottingam ... Mense Maii Anni ... M.DC.XLVII. - 1647</subfield>
    </datafield>
    <datafield tag="672" ind1=" " ind2="0">
      <subfield code="a">Amicorum Carmina Gratulatoria in Nuptiarum Solennitatem Reverendi, Humanißimi, atq[ue] Doctißimi Viri Dn. Esaiae Fincken Pastoris in Flarcheimb vigilantißimi cum Honestißima pudicißimaq[ue] Virgine Anna Catharina Viri Integerrimi ac Conspicui, Dn. Theodorici Finckens Filia contractarum feliciter Zu Wenden im Löblichen Fürstenthumb Braunschweig Ad XVIII. Maii Anno 1647. - 1647</subfield>
    </datafield>
    <datafield tag="672" ind1=" " ind2="0">
      <subfield code="a">Aurea Sepulchri Columna, Quam Pientissimae, honoratissimae, castissimae, honestissimae variarumq[ue] muliebrium virtutum ornatissimae ac beatissimae Matronae Annae Catharinae Finckin, Viri ... Esaiae Finckii ... Coniugi ... Viri, Dn. Diederici Finckii ... Filiae ... exspiravit; &amp; die XX. Octobris Anno supra millesimum, sexcentesimum, septuagesimo septimo, ex hac miserarium valle in coelestem &amp; aeternam patriam migravit ... Epicediis, &amp; Epitaphiis ... erexerunt &amp; affixerunt Dnn. Fautores, Benevolentes, Consanguinei, Candidi amici, moestissimus viduus, Orphani &amp; relicti Liberi. - 1678</subfield>
    </datafield>
    <datafield tag="675" ind1=" " ind2=" ">
      <subfield code="a">Internat. biogr. Index</subfield>
      <subfield code="a">LoC-NA</subfield>
    </datafield>
    <datafield tag="678" ind1=" " ind2=" ">
      <subfield code="b">Tochter von Dietrich Finck aus Wenden bei Göttingen; ab 1647 Ehefrau des Pastors Esaias Finck in Flarchheim bei Langensalza</subfield>
    </datafield>
    <datafield tag="913" ind1=" " ind2=" ">
      <subfield code="S">pnd</subfield>
      <subfield code="i">a</subfield>
      <subfield code="a">Finck, Anna Catharina</subfield>
      <subfield code="0">(DE-588a)12860574X</subfield>
    </datafield>
  </record>
